ISA*00*          *00*          *ZZ*PAYOR         *ZZ*PROVIDER      *210101*1253*^*00501*000000906*0*T*:~
GS*HP*PAYOR*PROVIDER*20210101*1253*1*X*005010X221A1~
ST*835*0001~

BPR*I*1500*C*CHK************20210101~
TRN*1*12345*987654321~

N1*PR*INSURANCE COMPANY~
N1*PE*PROVIDER NAME~

CLP*12345*1*500*450*50*12*123456789~

SE*8*0001~
GE*1*1~
IEA*1*000000906~
